@book{ms2009,
  title = {{A experi{\^e}ncia brasileira em sistemas de informa{\c c}{\~a}o em sa{\'u}de}},
  editor = {{Minist{\'e}rio da Sa{\'u}de} and {Organiza{\c c}{\~a}o Pan-Americana da Sa{\'u}de} and {Funda{\c c}{\~a}o Oswaldo Cruz}},
  year = {2009},
  series = {{B. Textos B{\'a}sicos de Sa{\'u}de}},
  volume = {2},
  publisher = {Minist{\'e}rio da Sa{\'u}de},
  address = {Bras{\'i}lia},
  isbn = {978-85-334-1546-1},
  langid = {portuguese}
}

@book{ripsa2009,
  title = {Indicadores B{\'a}sicos Para a Sa{\'u}de No {{Brasil}}: Conceitos e Aplica{\c c}{\~o}es},
  author = {{Rede Interagencial de Informa{\c c}{\~a}o para a Sa{\'u}de}},
  year = {2008},
  publisher = {Organiza{\c c}{\~a}o Pan-Americana da Sa{\'u}de},
  address = {Bras{\'i}lia},
  abstract = {Explica os conceitos gerais que fundamentam o uso de indicadores na an{\'a}lise da situa{\c c}{\~a}o de sa{\'u}de. Valendo-se da matriz geral e de um modelo de ficha de qualifica{\c c}{\~a}o, apresenta elementos que propiciam a compreens{\~a}o do significado de uma centena de indicadores, categorizados como demogr{\'a}ficos, socioecon{\^o}micos, de mortalidade, de morbidade e fatores de risco, de recursos e de cobertura.}
}

@book{ripsa2022,
  title = {Caderno Especial de Indicadores B{\'a}sicos Sobre Covid-19},
  author = {{Minist{\'e}rio da Sa{\'u}de}},
  year = {2022},
  publisher = {Minist{\'e}rio da Sa{\'u}de},
  address = {Bras{\'i}lia, DF},
  abstract = {Este caderno utiliza m{\'e}todos empregados pela Rede Interagencial de Informa{\c c}{\~o}es para a Sa{\'u}de (Ripsa) no intuito de promover a disponibilidade adequada, oportuna e abrangente de indicadores b{\'a}sicos e an{\'a}lises sobre as condi{\c c}{\~o}es de sa{\'u}de da popula{\c c}{\~a}o e suas tend{\^e}ncias.},
  isbn = {9786559932849}
}

@book{ms2011,
  title = {Sa{\'u}de {{Ambiental}}: {{Guia B{\'a}sico}} Para Constru{\c c}{\~a}o de {{Indicadores}}},
  author = {{Minist{\'e}rio da Sa{\'u}de}},
  year = {2011},
  month = feb,
  series = {B. {{Textos B{\'a}sicos}} de {{Sa{\'u}de}}},
  publisher = {Minist{\'e}rio da Sa{\'u}de},
  address = {Bras{\'i}lia},
  isbn = {978-85-334-1777-9}
}

